<record><leader>00000cas a22000007a 4500</leader><controlfield tag="001">38128881</controlfield><controlfield tag="008">971223d19221960meuwr ne      0    0eng d</controlfield><datafield ind1=" " ind2=" " tag="010"><subfield code="a">sn 97069080 </subfield></datafield><datafield ind1=" " ind2=" " tag="040"><subfield code="a">MBN</subfield><subfield code="b">eng</subfield><subfield code="c">MBN</subfield><subfield code="d">OCLCQ</subfield><subfield code="d">OCLCF</subfield><subfield code="d">OCLCO</subfield></datafield><datafield ind1="1" ind2=" " tag="029"><subfield code="a">AU@</subfield><subfield code="b">000013708270</subfield></datafield><datafield ind1=" " ind2=" " tag="042"><subfield code="a">msc</subfield></datafield><datafield ind1=" " ind2=" " tag="043"><subfield code="a">n-us-me</subfield></datafield><datafield ind1="0" ind2="0" tag="245"><subfield code="a">Presque Isle star-herald.</subfield></datafield><datafield ind1=" " ind2=" " tag="260"><subfield code="a">Presque Isle, Me. :</subfield><subfield code="b">Star-Herald Pub. Co.</subfield></datafield><datafield ind1=" " ind2=" " tag="300"><subfield code="a">v.</subfield></datafield><datafield ind1=" " ind2=" " tag="310"><subfield code="a">Weekly</subfield></datafield><datafield ind1="0" ind2=" " tag="362"><subfield code="a">Vol. 50, no. 15 (Apr. 13, 1922)-v. 89, no. 52 (Dec. 29, 1960).</subfield></datafield><datafield ind1=" " ind2="0" tag="651"><subfield code="a">Presque Isle (Me.)</subfield><subfield code="v">Newspapers.</subfield></datafield><datafield ind1=" " ind2="7" tag="655"><subfield code="a">Newspapers.</subfield><subfield code="2">fast</subfield><subfield code="0">(OCoLC)fst01423814</subfield></datafield><datafield ind1=" " ind2="7" tag="651"><subfield code="a">Maine</subfield><subfield code="z">Presque Isle.</subfield><subfield code="2">fast</subfield><subfield code="0">(OCoLC)fst01219370</subfield></datafield><datafield ind1=" " ind2=" " tag="752"><subfield code="a">United States</subfield><subfield code="b">Maine</subfield><subfield code="c">Aroostook</subfield><subfield code="d">Presque Isle.</subfield></datafield><datafield ind1="0" ind2="0" tag="780"><subfield code="t">Star-herald (Presque Isle, Me. : 1890)</subfield><subfield code="w">(DLC)sn 95067834</subfield></datafield><datafield ind1="0" ind2="0" tag="785"><subfield code="t">Star-herald (Presque Isle, Me. : 1961)</subfield><subfield code="w">(DLC)sn 97069081</subfield></datafield></record>